<?xml version="1.0" encoding="UTF-8"?><collection xmlns="http://www.loc.gov/MARC21/slim"><record><leader>00408nam--2200157-i-4500</leader><controlfield tag="001">000030393</controlfield><controlfield tag="002">20161230</controlfield><controlfield tag="005">20170127125259</controlfield><controlfield tag="008">060222s1000------------r-----000-0-eng-d</controlfield><datafield ind1=" " ind2=" " tag="080"><subfield code="a">546.3:029.75</subfield></datafield><datafield ind1=" " ind2=" " tag="100"><subfield code="a">Macarovici, Constantin Gh</subfield></datafield><datafield ind1=" " ind2=" " tag="245"><subfield code="a">Chimie anorganica metale</subfield></datafield><datafield ind1=" " ind2=" " tag="260"><subfield code="a">Bucuresti</subfield><subfield code="b">Editura Didactica Si Pedagogica</subfield><subfield code="c">1972</subfield></datafield><datafield ind1=" " ind2=" " tag="300"><subfield code="a">401 p</subfield></datafield><datafield ind1=" " ind2=" " tag="852"><subfield code="a">37905</subfield></datafield><datafield ind1=" " ind2=" " tag="CAT"><subfield code="a">SYS</subfield><subfield code="c">20170127</subfield><subfield code="h">125259</subfield></datafield></record></collection>